@inproceedings{McFarland1996,
author = {McFarland, David},
booktitle = {From Animals to Animat 3: Proceedings of the Third International Conference on Simulation of Adaptive Behavior},
file = {:home/abernard/Downloads/0060 (Haith).pdf:pdf},
title = {{Towards robot cooperation}},
year = {1996},
pages = {440-444}
}
@incollection{Ray1991,
author = {Ray, Thomas S},
booktitle = {Artificial Life II, Sante Fe Institute Studies in the Sciences of Complexity},
volume = {XI},
editor = {Langton, Christoper G and Taylor, Charles and Farmer, Doyne J and Rasmussen, Steen},
pages = {371-408},
publisher = {Addison-Wesley},
address = {Redwoord City, CA},
title = {{An approach to the synthesis of life}},
year = {1991}
}
@article{Huth1992,
author = {Huth, Andreas and Wissel, Christian},
journal = {Journal of Theoretical Biology},
month = {June},
number = {3},
pages = {365--385},
title = {{The Simulation of the Movement of Fish Schools}},
volume = {156},
year = {1992}
}
@incollection{Toquenaga1995,
author = {Toquenaga, Yukihiko and Kajitani, Isamu and Hoshino, Tsutomu},
booktitle = {Artificial Life},
volume = {1},
number = {4},
editor = {Bedau, Mark A},
pages = {391--411},
title = {{Egrets of a Feather Flock Together}},
year = {1995}
}
@book{Trivers1985,
author = {Trivers, Robert},
publisher = {Benjamin-Cummings},
title = {{Social Evolution}},
year = {1985}
}
